<record><leader>00000cas a2200000 a 4500</leader><controlfield tag="001">1047784</controlfield><controlfield tag="008">741021d18941913nhuwr nea     0    0eng d</controlfield><controlfield tag="009">76</controlfield><datafield ind1=" " ind2=" " tag="010"><subfield code="a">sn 90062276 </subfield></datafield><datafield ind1=" " ind2=" " tag="040"><subfield code="a">DRB</subfield><subfield code="b">eng</subfield><subfield code="c">DRB</subfield><subfield code="d">OCL</subfield><subfield code="d">NVH</subfield><subfield code="d">OCL</subfield></datafield><datafield ind1="1" ind2=" " tag="029"><subfield code="a">AU@</subfield><subfield code="b">000020630258</subfield></datafield><datafield ind1=" " ind2=" " tag="042"><subfield code="a">msc</subfield></datafield><datafield ind1="0" ind2=" " tag="130"><subfield code="a">Emerald (Manchester, N.H.)</subfield></datafield><datafield ind1="0" ind2="4" tag="245"><subfield code="a">The Emerald.</subfield></datafield><datafield ind1=" " ind2=" " tag="260"><subfield code="a">Manchester, N.H.:</subfield><subfield code="b">Emerald Press,</subfield></datafield><datafield ind1=" " ind2=" " tag="300"><subfield code="a">v.</subfield></datafield><datafield ind1="0" ind2=" " tag="362"><subfield code="a">Vol. 1, no. 1 (June 9, 1894)-v. 19, no. 49 (May. 15, 1913).</subfield></datafield><datafield ind1=" " ind2=" " tag="752"><subfield code="a">United States</subfield><subfield code="b">New Hampshire</subfield><subfield code="c">Hillsborough</subfield><subfield code="d">Manchester.</subfield></datafield><datafield ind1="0" ind2="0" tag="785"><subfield code="t">Emerald and Catholic opinion</subfield><subfield code="w">(DLCOsn 90062270</subfield></datafield></record>